<record xmlns="http://www.loc.gov/MARC21/slim">
   <leader>01894cam a2200433 a 4500</leader>
   <controlfield tag="001">6814025</controlfield>
   <controlfield tag="003">OCoLC</controlfield>
   <controlfield tag="005">20150421153047.0</controlfield>
   <controlfield tag="008">140922s2015    nyua     b    000 0 eng d</controlfield>
   <datafield ind1=" " ind2=" " tag="020">
      <subfield code="a">0807755702</subfield>
   </datafield>
   <datafield ind1=" " ind2=" " tag="020">
      <subfield code="a">9780807755709</subfield>
   </datafield>
   <datafield ind1=" " ind2=" " tag="035">
      <subfield code="a">ocn891121989</subfield>
   </datafield>
   <datafield ind1=" " ind2=" " tag="039">
      <subfield code="a">exclude</subfield>
   </datafield>
   <datafield ind1=" " ind2=" " tag="040">
      <subfield code="a">YDXCP</subfield>
      <subfield code="b">eng</subfield>
      <subfield code="c">YDXCP</subfield>
      <subfield code="d">BTCTA</subfield>
      <subfield code="d">BDX</subfield>
      <subfield code="d">OCLCO</subfield>
      <subfield code="d">CDX</subfield>
      <subfield code="d">AEU</subfield>
   </datafield>
   <datafield ind1=" " ind2=" " tag="043">
      <subfield code="a">n-us---</subfield>
   </datafield>
   <datafield ind1=" " ind2="4" tag="050">
      <subfield code="a">LB3011.5</subfield>
      <subfield code="b">.H37 2015</subfield>
   </datafield>
   <datafield ind1="0" ind2="4" tag="082">
      <subfield code="a">372.21</subfield>
      <subfield code="2">23</subfield>
   </datafield>
   <datafield ind1=" " ind2=" " tag="090">
      <subfield code="a">372.21 HAR</subfield>
      <subfield code="b">AEVC</subfield>
   </datafield>
   <datafield ind1=" " ind2=" " tag="090">
      <subfield code="a">LB 3011.5 H37 2015</subfield>
      <subfield code="b">ARDC</subfield>
   </datafield>
   <datafield ind1=" " ind2=" " tag="090">
      <subfield code="a">LB3011.5 .H37 2015</subfield>
      <subfield code="b">AEGMCT</subfield>
   </datafield>
   <datafield ind1=" " ind2=" " tag="090">
      <subfield code="a">LB3011.5 .H37 2015</subfield>
      <subfield code="b">AEGMCT</subfield>
   </datafield>
   <datafield ind1="1" ind2=" " tag="100">
      <subfield code="a">Harms, Thelma.</subfield>
   </datafield>
   <datafield ind1="1" ind2="0" tag="245">
      <subfield code="a">Early childhood environment rating scale /</subfield>
      <subfield code="c">Thelma Harms, Richard M. Clifford, Debby Cryer.</subfield>
   </datafield>
   <datafield ind1=" " ind2=" " tag="250">
      <subfield code="a">3rd ed.</subfield>
   </datafield>
   <datafield ind1=" " ind2=" " tag="260">
      <subfield code="a">New York :</subfield>
      <subfield code="b">Teachers College Press,</subfield>
      <subfield code="c">c2015.</subfield>
   </datafield>
   <datafield ind1=" " ind2=" " tag="300">
      <subfield code="a">iv, 83, 13 p. :</subfield>
      <subfield code="b">ill. ;</subfield>
      <subfield code="c">22 x 28 cm.</subfield>
   </datafield>
   <datafield ind1=" " ind2=" " tag="504">
      <subfield code="a">Includes bibliographical references.</subfield>
   </datafield>
   <datafield ind1="0" ind2=" " tag="505">
      <subfield code="a">Introduction to the ECERS-3 -- Administration of the Scale -- Overview of the subscales and items of the ECERS-3 -- Rating scale items and notes for clarification -- Scoresheet -- ECERS-3 profile.</subfield>
   </datafield>
   <datafield ind1=" " ind2=" " tag="596">
      <subfield code="a">3 29 35</subfield>
   </datafield>
   <datafield ind1=" " ind2="0" tag="650">
      <subfield code="a">Classroom environment</subfield>
      <subfield code="z">United States</subfield>
      <subfield code="x">Evaluation.</subfield>
   </datafield>
   <datafield ind1=" " ind2="0" tag="650">
      <subfield code="a">Early childhood education</subfield>
      <subfield code="z">United States</subfield>
      <subfield code="x">Evaluation.</subfield>
   </datafield>
   <datafield ind1=" " ind2="0" tag="650">
      <subfield code="a">Day care centers</subfield>
      <subfield code="z">United States</subfield>
      <subfield code="x">Evaluation.</subfield>
   </datafield>
   <datafield ind1=" " ind2="0" tag="650">
      <subfield code="a">Play schools</subfield>
      <subfield code="z">United States</subfield>
      <subfield code="x">Evaluation.</subfield>
   </datafield>
   <datafield ind1="1" ind2=" " tag="700">
      <subfield code="a">Clifford, Richard M.</subfield>
   </datafield>
   <datafield ind1="1" ind2=" " tag="700">
      <subfield code="a">Cryer, Debby.</subfield>
   </datafield>
   <datafield ind1=" " ind2=" " tag="949">
      <subfield code="a">LB3011.5 .H37 2015</subfield>
      <subfield code="h">GMCT-OS-B</subfield>
      <subfield code="i">1007558669</subfield>
      <subfield code="p">27.23</subfield>
      <subfield code="k">AVAIL_SOON</subfield>
   </datafield>
   <datafield ind1=" " ind2=" " tag="926">
      <subfield code="a">LB3011.5 .H37 2015</subfield>
      <subfield code="w">LC</subfield>
      <subfield code="c">1</subfield>
      <subfield code="i">1007558669</subfield>
      <subfield code="d">4/5/2017</subfield>
      <subfield code="e">4/4/2017</subfield>
      <subfield code="l">ON_SHELF</subfield>
      <subfield code="m">GR_MACEWAN</subfield>
      <subfield code="n">8</subfield>
      <subfield code="p">$27.23</subfield>
      <subfield code="r">Y</subfield>
      <subfield code="s">Y</subfield>
      <subfield code="t">BOOK</subfield>
      <subfield code="u">4/27/2015</subfield>
   </datafield>
   <datafield ind1=" " ind2=" " tag="926">
      <subfield code="a">LB 3011.5 H37 2015</subfield>
      <subfield code="w">LC</subfield>
      <subfield code="c">1</subfield>
      <subfield code="i">30125302464911</subfield>
      <subfield code="d">12/10/2016</subfield>
      <subfield code="e">10/29/2016</subfield>
      <subfield code="l">FLOOR_2</subfield>
      <subfield code="m">RED_DEER_C</subfield>
      <subfield code="n">4</subfield>
      <subfield code="r">Y</subfield>
      <subfield code="s">Y</subfield>
      <subfield code="t">BOOK</subfield>
      <subfield code="u">12/9/2015</subfield>
   </datafield>
   <datafield ind1=" " ind2=" " tag="926">
      <subfield code="a">372.21 HAR</subfield>
      <subfield code="w">DEWEY</subfield>
      <subfield code="c">1</subfield>
      <subfield code="i">33862001366453</subfield>
      <subfield code="l">ON_SHELF</subfield>
      <subfield code="m">NORQ_MAIN</subfield>
      <subfield code="p">$30.95</subfield>
      <subfield code="r">Y</subfield>
      <subfield code="s">Y</subfield>
      <subfield code="t">BOOK</subfield>
      <subfield code="u">1/18/2016</subfield>
   </datafield>
</record>
